<?xml version="1.0" encoding="UTF-8"?><collection xmlns="http://www.loc.gov/MARC21/slim"><record><leader>00536nam--2200193-i-4500</leader><controlfield tag="001">000047915</controlfield><controlfield tag="002">20161230</controlfield><controlfield tag="005">20161230201046</controlfield><controlfield tag="008">060222s1000------------r-----000-0-eng-d</controlfield><datafield ind1=" " ind2=" " tag="040"><subfield code="a">IFIN-HH</subfield></datafield><datafield ind1=" " ind2=" " tag="080"><subfield code="a">531.61</subfield></datafield><datafield ind1="1" ind2=" " tag="100"><subfield code="a">Zababakhin, E</subfield></datafield><datafield ind1="1" ind2="0" tag="245"><subfield code="a">Unlimited cumulation phenomena</subfield><subfield code="c">E. zababakhin, i. zababakhin</subfield></datafield><datafield ind1=" " ind2=" " tag="260"><subfield code="a">Mosckow, Nauka Publ.,1990</subfield></datafield><datafield ind1=" " ind2=" " tag="300"><subfield code="a">174 P</subfield></datafield><datafield ind1=" " ind2=" " tag="500"><subfield code="a">Tit orig. in lb. rusa: Iavleniia neogranicennoi kumyliatii</subfield></datafield><datafield ind1="1" ind2=" " tag="700"><subfield code="a">Zababakhin I</subfield></datafield><datafield ind1=" " ind2=" " tag="852"><subfield code="a">79429</subfield><subfield code="c">532</subfield></datafield><datafield ind1=" " ind2=" " tag="CAT"><subfield code="a">Sys</subfield><subfield code="c">20100902</subfield><subfield code="h">153154</subfield></datafield></record></collection>